@Article{Reference1,
  author = 	 {J. T. Moy},
  title = 	 {},
  journal =  {OSPF: Anatomy of an Internet Routing Protocol},
  year = 	 {1995},
  volume = 	 {1ª Edição, Editora Addison Wesley},
  number = 	 {},
  pages = 	 {}
}

@Article{Reference2,
  author = 	 {D. E. Comer},
  title = 	 {},
  journal =  {Interligação de Redes com TCP/IP},
  year = 	 {2006},
  volume = 	 {5ª Edição, Editora Campus},
  number = 	 {},
  pages = 	 {}
}

@Article{Reference3,
  author = 	 {C. Huitema},
  title = 	 {},
  journal =  {Routing in the Internet},
  year = 	 {1999},
  volume = 	 {2ª Edição, Editora Prentice Hall},
  number = 	 {},
  pages = 	 {}
}

@Article{Reference4,
  author = 	 {J. F. Kurose and K. W. Ross},
  title = 	 {},
  journal =  {Redes de Computadores e a Internet: Uma Nova Abordagem},
  year = 	 {2003},
  volume = 	 {1ª Edição, Editora Pearson Education},
  number = 	 {},
  pages = 	 {}
}

@Article{Reference5,
  author = 	 {G. Malkin},
  title = 	 {},
  journal =  {RIP Version 2},
  year = 	 {1998},
  volume = 	 {RFC 2453},
  number = 	 {},
  pages = 	 {}
}

@Article{Reference6,
  author = 	 {J. T. Moy},
  title = 	 {},
  journal =  {OSPF Version 2},
  year = 	 {1998},
  volume = 	 {RFC 2328},
  number = 	 {},
  pages = 	 {}
}

@Article{Reference7,
  author = 	 {Y. Rekhter and T. Li and S. Hares},
  title = 	 {},
  journal =  {A Border Gateway Protocol 4 (BGP-4)},
  year = 	 {2006},
  volume = 	 {RFC 4271},
  number = 	 {},
  pages = 	 {}
}

@Article{Reference8,
  author = 	 {R. E. Bellman},
  title = 	 {},
  journal =  {Dynamic Programming},
  year = 	 {1957},
  volume = 	 {Princeton University Press},
  number = 	 {},
  pages = 	 {}
}

@Article{Reference9,
  author = 	 {L. R. Ford and D. R. Fulkerson},
  title = 	 {},
  journal =  {Flows in Network},
  year = 	 {1962},
  volume = 	 {Princeton University Press},
  number = 	 {},
  pages = 	 {}
}

@Article{Reference10,
  author = 	 {E. W. Dijkstra},
  title = 	 {},
  journal =  {A Note on Two Problems in Connection with Graphs},
  year = 	 {1959},
  volume = 	 {Numerische Mathematic 1},
  number = 	 {},
  pages = 	 {}
}

@Article{Reference11,
  author = 	 {T. Bradley and C. Brown},
  title = 	 {},
  journal =  {Inverse Address Resolution Protocol},
  year = 	 {1992},
  volume = 	 {RFC 1293},
  number = 	 {},
  pages = 	 {}
}

@Article{Reference12,
  author = 	 {},
  title = 	 {},
  journal =  {NS-3},
  year = 	 {Acessado em novembro de 2013},
  volume = 	 {http://www.nsnam.org/},
  number = 	 {},
  pages = 	 {}
}

@Article{Reference13,
  author = 	 {},
  title = 	 {},
  journal =  {Direct Code Execution},
  year = 	 {Acessado em novembro de 2013},
  volume = 	 {http://www.nsnam.org/overview/projects/direct-code-execution/},
  number = 	 {},
  pages = 	 {}
}

@Article{Reference14,
  author = 	 {},
  title = 	 {},
  journal =  {Qagga Software Routing Suite},
  year = 	 {Acessado em novembro de 2013},
  volume = 	 {http://www.nongnu.org/quagga/index.html},
  number = 	 {},
  pages = 	 {}
}

@Article{Reference15,
  author = 	 {R. Coltun and D. Ferguson and J. T. Moy and A. Lindem},
  title = 	 {},
  journal =  {OSPF for IPv6},
  year = 	 {2008},
  volume = 	 {RFC 5340},
  number = 	 {},
  pages = 	 {}
}

@Article{Reference16,
  author = 	 {T. H. Cormen and C. E. Leiserson and R. L. Rivest and C. Stein},
  title = 	 {},
  journal =  {Introduction to Algorithms},
  year = 	 {1990},
  volume = 	 {1ª Edição, MIT Press and McGraw-Hill},
  number = 	 {},
  pages = 	 {}
}

@Article{Reference17,
  author = 	 {},
  title = 	 {},
  journal =  {Bake},
  year = 	 {Acessado em novembro de 2013},
  volume = 	 {http://www.nsnam.org/docs/bake/tutorial/html/bake-over.html},
  number = 	 {},
  pages = 	 {}
}

@Article{Reference18,
  author = 	 {},
  title = 	 {},
  journal =  {pcap},
  year = 	 {Acessado em dezembro de 2013},
  volume = 	 {http://www.tcpdump.org/pcap3\verb|_|man.html},
  number = 	 {},
  pages = 	 {}
}

@Article{Reference19,
  author = 	 {},
  title = 	 {},
  journal =  {Wireshark},
  year = 	 {Acessado em dezembro de 2013},
  volume = 	 {http://www.wireshark.org/},
  number = 	 {},
  pages = 	 {}
}

@Article{Reference20,
  author = 	 {},
  title = 	 {},
  journal =  {tcpdump},
  year = 	 {Acessado em dezembro de 2013},
  volume = 	 {http://www.tcpdump.org/},
  number = 	 {},
  pages = 	 {}
}

