@misc{arduinoSite,
      author = "Arduino",
      title = "Arduino Home Page",
      url = "http://arduino.cc/"
}

@misc{androidSite,
      author = "Android",
      title = "Android Home Page",
      url = "http://www.android.com/"
}

@InCollection{androidRobot,
author = {Sung Wook Moon and Young Jin Kim and Ho Jun Myeong and Chang Soo Kim and Nam Ju Cha and Dong Hwan Kim},
title = {Implementation of Smartphone Environment Remote Control and Monitoring System for Android Operating System-based Robot Platform },
booktitle = {},
publisher = {},
year = {},
editor = {}
}

@InCollection{mobileRobotEnergy,
author = {Yongguo Mei and Yung-Hsiang Lu and Y. Charlie Hu and C. S. George Lee},
title = {Deployment of Mobile Robots With Energy and Timing Constraints},
booktitle = {IEEE TRANSACTIONS ON ROBOTICS, VOL. 22, NO. 3},
year = {2006}
}

@InCollection{wifiRadar,
author = {Paramvir Bahl and Venkata N.Padmanabhan },
title = {RADAR: An In-Building RF-based User Location and Tracking System },
url={http://ieeexplore.ieee.org/xpl/articleDetails.jsp?tp=&arnumber=832252&queryText%3DRADAR%3A+An+In-Building+RF-based+User+Location+and+Tracking+System},
publisher = {IEEE INFOCOM 2000},
year = {2000}
}

@InCollection{gps,
author = {Hofmann-Wellenhof, B. and Lichtenegger, H. and Collins, J.},
title = {Global Positioning System: Theory and Practice},
booktitle = {Advances in Computer Science},
publisher = {Springer Verlag},
year = {2001},
}

@InCollection{aoa,
author = {Dragos Niculescu and Badri Nath},
title = {Ad Hoc Positioning System (APS) Using AOA},
publisher = {IEEE INFOCOM 2003},
url={http://www.ieee-infocom.org/2003/papers/42_04.pdf},
year = {2003},
}

@InCollection{tdoa,
author = {A. Savvides and C. Han and M.B. Strivastava},
title = {Dynamic fine-grained localization in Ad-Hoc networks of sensors},
publisher = {MobiCom},
year = {2001},
}

@InCollection{rss1,
author = {Patwari, N. and Hero III, A. O. and Costa, J. A.},
title = {Learning sensor location from signal strength and connectivity.Secure Localization and Time Synchronization for
Wireless Sensor and Ad Hoc Network},
publisher = {Advances in Information Security series 30},
year = {2006},
}

@InCollection{cnn,
author = {Chaomin Luo and Simon X. Yang},
title = {A Bioinspired Neural Network for Real-Time Concurrent Map Building and Complete Coverage Robot Navigation in Unknown Environments},
publisher = {IEEE TRANSACTIONS ON NEURAL NETWORKS, VOL. 19, NO. 7},
year = {2008},
}

@InCollection{slam,
author = {M. W. M. Gamini Dissanayake and Paul Newman and Steven Clark and Hugh F. Durrant-Whyte and M. Csorba},
title = {A Solution to the Simultaneous Localization and
Map Building (SLAM) Problem},
publisher = {IEEE TRANSACTIONS ON ROBOTICS AND AUTOMATION, VOL. 17, NO. 3},
year = { 2001},
}

@InCollection{planejamentoCaminhos,
author = {Cesar Tadeu Pozzer},
title = {Planejamento de Caminho},
url={http://www-usr.inf.ufsm.br/~pozzer/disciplinas/cga_13_path.pdf}
}

@InCollection{dlite,
author = {Soh Chin Yun and Velappa Ganapathy and Tee Wee Chien},
title = {Enhanced D* Lite Algorithm for Mobile Robot Navigation },
publisher = {2010 IEEE Symposium on Industrial Electronics and Applications (ISIEA 2010},
}

@InCollection{omc,
author = {Ze Wang and Yunlong Wang and Maode Ma and Jigang Wu},
title = {Efficient localization for mobile sensor networks based on constraint rules optimized Monte Carlo method},
publisher = {Computer Networks},
year = {2013},
url = {dx.doi.org/10.1016/j.comnet.2013.06.010}
}

@InCollection{construcaoMapas,
author = {PAULO ROBERTO GODOI DE OLIVEIRA},
title = {AUTO-LOCALIZAÇÃO E CONSTRUÇÃO DE MAPAS DE AMBIENTE PARA ROBÔS MÓVEIS BASEADOS EM VISÃO OMNIDIRECIONAL ESTÉREO},
publisher = {The Digital Library of Theses and Dissertations of the University of São Paulo},
year = {2008},
}

@InCollection{construcaoMapas2,
author = {Antonio Henrique Pinto Selvatici},
title = {Construção de Mapas de Objetos para Navegação de Robôs},
booktitle = {Advances in Computer Science},
publisher = {The Digital Library of Theses and Dissertations of the University of São Paulo},
year = {2009},
}

@misc{openCV,
      author = "OpenCV",
      publisher = "OpenCV 2.4.6.0 documentation",
      title = "Hough Line Transform",
      url = "http://docs.opencv.org/doc/tutorials/imgproc/imgtrans/hough_lines/hough_lines.html"
}

@InCollection{voronoi,
author = {PRIYADARSHI BHATTACHARYA AND MARINA L. GAVRILOVA},
title = {Roadmap-Based Path Planning Using the Voronoi Diagram for a Clearance-Based Shortest Path},
publisher = {IEEE Robotics and Automation Magazine},
year = {2008},
}

@InCollection{planejamentoTrajetorias,
author = {Guilherme de Lima Ottoni},
title = {Planejamento de Trajetórias para Robôs Móveis},
year = {2000},
url={http://liberty.princeton.edu/Publications/seniorthesis_ottoni.pdf},
}

@InCollection{tecnicasNavegacao,
author = {Diego Pereira Rodrigues},
title = {Técnicas de Navegação},
url={http://www.dca.fee.unicamp.br/~gudwin/courses/IA009/artigos/IA009_2010_22.pdf}
year = {2010},
}

@InCollection{wsnsLinear,
author = {Xiaojun Zhu and Xiaobing Wu and Guihai Chen},
title = {Relative Localization for Wireless Sensor Networks with Linear Topology},
publisher = {Computer Communications},
year = {2013},
url = {http://www.sciencedirect.com/science/article/pii/S014036641300176X},
}

@InCollection{smith:99,
author = {A. Smith and B. Jones},
title = {On the Complexity of Computing},
booktitle = {Advances in Computer Science},
pages = {555--566},
publisher = {Publishing Press},
year = {1999},
editor = {A. B. Smith-Jones}
}

@misc{androidDev,
      title = "Android Developers",
      url = "http://developer.android.com/index.html"
}

@misc{wifiRss,
      title = "Get WiFi Signal Strength of Connected Network",
      url = "http://stackoverflow.com/questions/11389492/get-wifi-signal-strength-of-connected-network"
}

@misc{activity,
      title = "Android App Component: Activities",
      url = "http://developer.android.com/guide/components/activities.html"
}

@misc{service,
      title = "Android App Component: Service",
      url = "http://developer.android.com/guide/components/services.html"
}

@misc{receiver,
      title = "Android App Component: Broadcast Receiver",
      url = "http://developer.android.com/reference/android/content/BroadcastReceiver.html"
}

@misc{bluetooth,
      title = "Android Bluetooth guide",
      url = "http://developer.android.com/guide/topics/connectivity/bluetooth.html"
}

@InCollection{aestrela,
author = {Patrick Lester},
title = {A* Pathfinding for Beginners},
url = {http://www.policyalmanac.org/games/aStarTutorial.htm}
year = {2009},
}


@InCollection{googleCar,
author = {Erico Guizzo},
title = {How Google's Self-Driving Car Works},
publisher = {Discovery News},
year = {2011},
editor = {A. B. Smith-Jones},
url = {http://news.discovery.com/autos/future-of-transportation/how-google-self-driving-car-works-111018.htm},
}