@ONLINE{arduinoSite,
      author = "Arduino",
      title = "Arduino Home Page",
      url = "http://arduino.cc/"
}

@MISC{androidSite,
author = {Android},
title = {Android Home Page},
howpublished = {\url{http://www.android.com/}}
}

@InCollection{androidRobot,
author = {Sung Wook Moon and Young Jin Kim and Ho Jun Myeong and Chang Soo Kim and Nam Ju Cha and Dong Hwan Kim},
title = {Implementation of Smartphone Environment Remote Control and Monitoring System for Android Operating System-based Robot Platform },
booktitle = {Ubiquitous Robots and Ambient Intelligence (URAI), 2011 8th International Conference on },
publisher = {IEEE},
year = {2011},
editor = {}
}

@InCollection{mobileRobotEnergy,
author = {Yongguo Mei and Yung-Hsiang Lu and Y. Charlie Hu and C. S. George Lee},
title = {Deployment of Mobile Robots With Energy and Timing Constraints},
booktitle = {IEEE TRANSACTIONS ON ROBOTICS, VOL. 22, NO. 3},
year = {2006}
}

@MISC{wifiRadar,
author = {Paramvir Bahl and Venkata N.Padmanabhan },
title = {RADAR: An In-Building RF-based User Location and Tracking System },
howpublished = {\url{http://ieeexplore.ieee.org/xpl/articleDetails.jsp?tp=&arnumber=832252&queryText%3DRADAR%3A+An+In-Building+RF-based+User+Location+and+Tracking+System}},
publisher = {IEEE INFOCOM 2000},
year = {2000}
}

@InCollection{gps,
author = {Hofmann-Wellenhof, B. and Lichtenegger, H. and Collins, J.},
title = {Global Positioning System: Theory and Practice},
booktitle = {Advances in Computer Science},
publisher = {Springer Verlag},
year = {2001},
}

@InCollection{aoa,
author = {Dragos Niculescu and Badri Nath},
title = {Ad Hoc Positioning System (APS) Using AOA},
publisher = {IEEE INFOCOM 2003},
url={http://www.ieee-infocom.org/2003/papers/42_04.pdf},
year = {2003},
}

@MISC{aoa2,
author = {Rong Peng and Mihail L. Sichitiu},
title = {Angle of Arrival Localization for Wireless Sensor Networks},
howpublished = {\url{http://citeseerx.ist.psu.edu/viewdoc/download?doi=10.1.1.134.5991&rep=rep1&type=pdf}},
}

@MISC{aoa3,
author = {Ana Carolina Fernandes Pena and Cláudio Elivan Santos da Silva},
title = {Serviços de Localizaçã  Baseados em Comunção Móvel},
howpublished = {\url{https://fenix.tecnico.ulisboa.pt/downloadFile/2589867775095/ENTREGA-Tese-Afonso_Vaz-54427_Final.pdf}},
}

@InCollection{tdoa,
author = {A. Savvides and C. Han and M.B. Strivastava},
title = {Dynamic fine-grained localization in Ad-Hoc networks of sensors},
publisher = {MobiCom},
year = {2001},
}

@InCollection{rss1,
author = {Patwari, N. and Hero III, A. O. and Costa, J. A.},
title = {Learning sensor location from signal strength and connectivity.Secure Localization and Time Synchronization for
Wireless Sensor and Ad Hoc Network},
publisher = {Advances in Information Security series 30},
year = {2006},
}

@InCollection{rss2,
author = {Youngbae Kong, Younggoo Kwon and Gwitae Park},
title = {Robust Localization over Obstructed Interferences
for Inbuilding Wireless Applications },
publisher = {Consumer Electronics, IEEE Transactions},
year = {2009},
}

@InCollection{cnn,
author = {Chaomin Luo and Simon X. Yang},
title = {A Bioinspired Neural Network for Real-Time Concurrent Map Building and Complete Coverage Robot Navigation in Unknown Environments},
publisher = {IEEE TRANSACTIONS ON NEURAL NETWORKS, VOL. 19, NO. 7},
year = {2008},
}

@InCollection{slam,
author = {M. W. M. Gamini Dissanayake and Paul Newman and Steven Clark and Hugh F. Durrant-Whyte and M. Csorba},
title = {A Solution to the Simultaneous Localization and
Map Building (SLAM) Problem},
publisher = {IEEE TRANSACTIONS ON ROBOTICS AND AUTOMATION, VOL. 17, NO. 3},
year = {2001},
}

@MISC{planejamentoCaminhos,
author = {Cesar Tadeu Pozzer},
title = {Planejamento de Caminho},
howpublished = {\url{http://www-usr.inf.ufsm.br/~pozzer/disciplinas/cga_13_path.pdf}}
}

@InCollection{dlite,
author = {Soh Chin Yun and Velappa Ganapathy and Tee Wee Chien},
title = {Enhanced D* Lite Algorithm for Mobile Robot Navigation },
publisher = {2010 IEEE Symposium on Industrial Electronics and Applications (ISIEA 2010},
}

@MISC{omc,
author = {Ze Wang and Yunlong Wang and Maode Ma and Jigang Wu},
title = {Efficient localization for mobile sensor networks based on constraint rules optimized Monte Carlo method},
publisher = {Computer Networks},
year = {2013},
howpublished = {\url{dx.doi.org/10.1016/j.comnet.2013.06.010}}
}

@InCollection{construcaoMapas,
author = {Paulo Roberto Godoi de Oliveira},
title = {Auto-localização e construção de mapas do ambiente para robôs móveis baseados em visão omniderecional estéreo},
publisher = {The Digital Library of Theses and Dissertations of the University of São Paulo},
year = {2008},
}

@InCollection{construcaoMapas2,
author = {Antonio Henrique Pinto Selvatici},
title = {Construção de Mapas de Objetos para Navegação de Robôs},
booktitle = {Advances in Computer Science},
publisher = {The Digital Library of Theses and Dissertations of the University of São Paulo},
year = {2009},
}

@misc{openCV,
author = "OpenCV",
publisher = "OpenCV 2.4.6.0 documentation",
title = "Hough Line Transform",
howpublished = {\url{http://docs.opencv.org/doc/tutorials/imgproc/imgtrans/hough_lines/hough_lines.html}}
}

@InCollection{voronoi,
author = {PRIYADARSHI BHATTACHARYA AND MARINA L. GAVRILOVA},
title = {Roadmap-Based Path Planning Using the Voronoi Diagram for a Clearance-Based Shortest Path},
publisher = {IEEE Robotics and Automation Magazine},
year = {2008},
}

@InCollection{planejamentoTrajetorias,
author = {Guilherme de Lima Ottoni},
title = {Planejamento de Trajetórias para Robôs Móveis},
year = {2000},
url={http://liberty.princeton.edu/Publications/seniorthesis_ottoni.pdf},
}

@MISC{tecnicasNavegacao,
author = {Diego Pereira Rodrigues},
title = {Técnicas de Navegação},
url={http://www.dca.fee.unicamp.br/~gudwin/courses/IA009/artigos/IA009_2010_22.pdf},
year = {2010},
}

@MISC{wsnsLinear,
author = {Xiaojun Zhu and Xiaobing Wu and Guihai Chen},
title = {Relative Localization for Wireless Sensor Networks with Linear Topology},
publisher = {Computer Communications},
year = {2013},
howpublished = {\url{http://www.sciencedirect.com/science/article/pii/S014036641300176X}},
}

@MISC{multAgent,
author = {Luis Mengual and Oscar Marbán and antiago Eibe and Ernestina Menasalvas},
title = {Multi-agent location system in wireless networks},
publisher = {Expert Systems with Applications},
year = {2013},
howpublished = {\url{http://www.sciencedirect.com/science/article/pii/S095741741201161X}},
}

@InCollection{smith:99,
author = {A. Smith and B. Jones},
title = {On the Complexity of Computing},
booktitle = {Advances in Computer Science},
pages = {555--566},
publisher = {Publishing Press},
year = {1999},
editor = {A. B. Smith-Jones}
}

@misc{androidDev,
      title = "Android Developers",
      howpublished = {\url{http://developer.android.com/index.html}}
}

@misc{wifiRss,
      title = "Get WiFi Signal Strength of Connected Network",
      url = "http://stackoverflow.com/questions/11389492/get-wifi-signal-strength-of-connected-network"
}

@misc{activity,
author = {Android Developers},
title = "Android App Component: Activities",
howpublished = {\url{http://developer.android.com/guide/components/activities.html}}
}

@misc{service,
author = {Android Developers},
title = "Android App Component: Service",
howpublished = {\url{http://developer.android.com/guide/components/services.html}}
}

@misc{receiver,
author = {Android Developers},
      title = "Android App Component: Broadcast Receiver",
howpublished = {\url{http://developer.android.com/reference/android/content/BroadcastReceiver.html}}
}

@misc{bluetooth,
author = {Android Developers},
      title = "Android Bluetooth guide",
howpublished = {\url{http://wing-linux.sourceforge.net/guide/topics/providers/content-providers.html}}
}

@misc{provider,
author = {Android Developers},
      title = "Android App Component: Broadcast Receiver",
howpublished = {\url{http://developer.android.com/guide/topics/connectivity/bluetooth.html}}
}

@MISC{aestrela,
author = {Patrick Lester},
title = {A* Pathfinding for Beginners},
howpublished = {\url{{http://www.policyalmanac.org/games/aStarTutorial.htm}},
year = {2009},
}

@MISC{googleCar,
author = {Erico Guizzo},
title = {How Google's Self-Driving Car Works},
publisher = {Discovery News},
year = {2011},
editor = {A. B. Smith-Jones},
howpublished = {\url{http://news.discovery.com/autos/future-of-transportation/how-google-self-driving-car-works-111018.htm}},
}

@MISC{localization1,
author = {R. Siegwart, D. Scaramuzz},
title = {Probabilistic Map Based Localization},
howpublished = {\url{http://www.asl.ethz.ch/education/master/mobile_robotics/year2011/Lecture_9.pdf}},
year = {2011}
}

@MISC{localization2,
author = {R. Siegwart, D. Scaramuzz},
title = {Probabilistic Map Based Localization: Kalman Filter Localization},
howpublished = {\url{http://www.asl.ethz.ch/education/master/mobile_robotics/year2011/Lecture_10.pdf}},
year = {2011}
}

@MISC{slam2,
author = {R. Siegwart, D. Scaramuzz},
title = {SLAM:Simultaneous Localization and Mapping},
howpublished = {\url{http://www.asl.ethz.ch/education/master/mobile_robotics/year2012/Lecture10.pdf}},
year = {2012}
}

@MISC{slam3,
author = {Søren Riisgaard and Morten Rufus Blas},
title = {SLAM for Dummies A Tutorial Approach to Simultaneous Localization and Mapping},
howpublished = {\url{http://ocw.mit.edu/courses/aeronautics-and-astronautics/16-412j-cognitive-robotics-spring-2005/projects/1aslam_blas_repo.pdf}},
year = {2005}
}

@MISC{slam4,
author = {André Macêdo Santana},
title = {Localização e Mapeamento Simultâneos de Ambientes Planos Usando Visão Monocular e
Representação Híbrida do Ambiente},
howpublished = {\url{http://bdtd.ufrn.br/tde_arquivos/19/TDE-2011-04-26T111523Z-3365/Publico/AndreMS_TESE_1-100.pdf}},
year = {2011}
}

@MISC{android0,
publisher = {Android Developers},
title = {What is Android?},
howpublished = {\url{http://wing-linux.sourceforge.net/guide/basics/what-is-android.html}},
}

@MISC{android1,
title = {Android Programing Tutorial},
author = {Tutorials Point},
howpublished = {\url{http://www.tutorialspoint.com/android/}},
}

@MISC{android2,
title = {Android Architecture – The Key Concepts of Android OS},
author = {Android-App-Market},
howpublished = {\url{http://www.android-app-market.com/android-architecture.html}},
year = {2012}
}
@MISC{android3,
author = {Trailukya Dutta},
title = {Know about Android Operating System},
howpublished = {\url{http://www.slideshare.net/trailukya_dutta/know-about-android-operating-system}},
year = {2012}
}
@MISC{android4,
author = {Rizwan Rizzu},
title = {Android OS},
howpublished = {\url{http://www.slideshare.net/rizzuIT/android-os-28305291}},
year = {2013}
}

@MISC{blink,
howpublished = {\url{http://www.chromium.org/blink}},
}

@MISC{niveisExec,
title = {Níveis de Execução},
author = {Eduardo Marcel Macan},
note = {RIT - UNICAMP},
howpublished = {\url{http://www.ccuec.unicamp.br/revista/infotec/linux/linux17-1.html}},
year = {2000}
}

@MISC{dx,
title = {Other Tools},
author = {Android Developers},
howpublished = {\url{http://wing-linux.sourceforge.net/guide/developing/tools/othertools.html#dx}},
}
@MISC{sdk,
title = {Get the Android SDK},
author = {Android Developers},
howpublished = {\url{http://developer.android.com/sdk/index.html?hl=sk}},
}

@MISC{apacheLicence,
title = {Apache License, Version 2.0},
author = {The Apache Software Foundation},
howpublished = {\url{http://www.apache.org/licenses/LICENSE-2.0}},
year = {2004}
}

@MISC{openGL,
title = {The Standard for Embedded Accelerated 3D Graphics},
author = {Khronos Group},
howpublished = {\url{http://www.khronos.org/opengles/}},
}

@MISC{fingerPrint,
title = {A WLAN FINGERPRINTING BASED INDOOR LOCALIZATION TECHNIQUE},
author = {Landu Jiang},
howpublished = {\url{http://digitalcommons.unl.edu/cgi/viewcontent.cgi?article=1059&context=computerscidiss}},
year = {2012}
}

@InCollection{fingerPrint2,
title = {Indoor localization improvement via adaptive RSS fingerprinting database},
author = {Chavalit Koweerawong, Komwut Wipusitwarakun,Kamol Kaemarungsi},
booktitle = {Information Networking (ICOIN), 2013 International Conference on},
pages = {412--416},
publisher = {IEEE},
year = {2013},
editor = {A. B. Smith-Jones}
}
@MISC{getRss,
title = {Get signal strength of WIFI and Mobile Data},
author = {stackoverflow},
howpublished = {\url{http://stackoverflow.com/questions/18399364/get-signal-strength-of-wifi-and-mobile-data}},
year = {2013}
}

@MISC{apic,
title = {Wireless tools for linux},
author = {Tourrilhes, J},
howpublished = {\url{http://www.hpl.hp.com/personal/Jean_Tourrilhes/Linux/Tools.html}},
year = {2010}
}

@MISC{handler,
title = {Handler},
author = {Android Developers},
howpublished = {\url{http://developer.android.com/reference/android/os/Handler.html}},
year = {2010}
}

@InCollection{centroid,
author = {Johnson, Roger A.},
title = {Advanced Euclidean Geometry},
publisher = {Dover},
year = {2007},
}