
@misc{nodeJS,
title = "Node.js homepage",
howpublished = {\url{http://nodejs.org/}}
}

@misc{mongoDB,
title = "MongoDB homepage",
howpublished = {\url{http://www.mongodb.org/}}
}

@misc{expressJS,
title = "ExpressJS homepage",
howpublished = {\url{http://expressjs.com/}}
}

@misc{angularJS,
title = "AngularJS homepage",
howpublished = {\url{https://angularjs.org/}}
}

@InCollection{nodeInAction,
title = {Node.js in Action},
author = { Mike Cantelon, Marc Harter, T.J. Holowaychuk, Nathan Rajlich},
publisher = {Manning},
year = {2014},
}

@InCollection{appRealTime,
title = {Aplicações web real-time com Node.js},
author = { Caio Ribeiro Pereira},
publisher = {Casa do Código},
year = {2014},
}

@InCollection{nodeRight,
title = {Node.js the Right Way: Practical, Server-Side JavaScript That Scales},
author = {Jim R. Wilson},
publisher = {Pragmatic Bookshelf},
year = {2013},
}

@InCollection{jsGood,
title = {JavaScript: The Good Parts},
author = {Douglas Crockford},
publisher = {O'Reilly Media},
year = {2008},
}

@MISC{nodeMeet,
title = {Node Meet Intro},
author = {Johann du Toit},
howpublished = {\url{http://johanndutoit.net/presentations/2013/05/node-meetup-intro-29-may-2013/}},
year = {2013}
}

@MISC{fwJs,
title = {Top JavaScript MVC Frameworks},
author = {Dio Synodinos},
howpublished = {\url{http://www.infoq.com/research/top-javascript-mvc-frameworks}},
year = {2013}
}

@MISC{compNode,
title = {Projects, Applications, and Companies using Node},
author = {Dio Synodinos},
howpublished = {\url{https://github.com/joyent/node/wiki/Projects,-Applications,-and-Companies-Using-Node}},
year = {2013}
}

@MISC{compBds,
title = {Comparação de Performance entre PostgreSQL e MongoDB},
author = {Cristiano Politowski, Vinícius Maran},
howpublished = {\url{http://www.lbd.dcc.ufmg.br/colecoes/erbd/2014/003.pdf}},
year = {2014}
}

@MISC{dbEng,
title = {DB-engines web site},
howpublished = {\url{http://db-engines.com/en/ranking}},
year = {2014}
}

@MISC{v8Eng,
title = {Chrome V8 - Introduction},
author = {Google Developers},
howpublished = {\url{https://developers.google.com/v8/intro}},
year = {2012}
}

@MISC{poeNode,
title = {Programação Orientada a Eventos no lado do servidor utilizando Node.js},
author = {Francisco de Assis Ribeiro Junior},
howpublished = {\url{http://www.infobrasil.inf.br/userfiles/16-S3-3-97136-Programa%C3%A7%C3%A3o%20Orientada___.pdf}}
}

@MISC{mongoNode,
title = {Arquitetura e testes de serviços web de alto desempenho com node.js e mongodb},
author = {Ricardo Schroeder, Fernando dos Santos},
howpublished = {\url{http://www.ceavi.udesc.br/arquivos/id_submenu/787/ricardo_schroeder_versao_final_.pdf}}
}

@MISC{eventDrivenPro,
title = {Event-Driven Programming: Introduction, Tutorial, History },
author = {Stephen Ferg},
howpublished = {\url{http://ufpr.dl.sourceforge.net/project/eventdrivenpgm/event_driven_programming.pdf}}
}

@MISC{escTerm,
title = {Desenvolvendo aplicações Web escaláveis},
author = {Elton Luís Minetto},
howpublished = {\url{http://eltonminetto.net/docs/app_web_escalaveis.pdf}}
}

@MISC{intStats,
title = {Internet live stats},
author = {Real Time Statistics Project},
howpublished = {\url{http://www.internetlivestats.com/internet-users/#sources}},
year = {2014}
}


@MISC{proxyRev,
title = {PROXY REVERSO},
author = {Donizete Fidelis},
howpublished = {\url{http://ti.crinfo.com.br/wp-content/plugins/downloads-manager/upload/Proxy%20Reverso%20por%20Donizete%20Fidelis.pdf}},
year= {2013}
}

@MISC{appWeb,
title = {Aplicações Web},
author = {Wikipedia},
howpublished = {\url{http://pt.wikipedia.org/wiki/Aplica%C3%A7%C3%A3o_web}},
year= {2013}
}


@MISC{mongoNosql,
title = {NoSQL Databases Explained},
author = {MongoDB},
howpublished = {\url{http://www.mongodb.com/nosql-explained}},
year= {2013}
}

@MISC{NosqlIm,
title = {NoSQL – você realmente sabe do que estamos falando?},
author = {Jean Nascimento},
howpublished = {\url{http://imasters.com.br/artigo/17043/banco-de-dados/nosql-voce-realmente-sabe-do-que-estamos-falando/}},
year= {2010}
}

@MISC{meanVSlamp,
title = {Mean vs Lamp – How Do They Stack Up?},
author = { Itay Herskovits},
howpublished = {\url{http://blog.backand.com/mean-vs-lamp/}},
year= {2014}
}

@MISC{IntNosql,
title = {Introdução aos bancos de dados NoSQL},
author = {Vinicius Ianni},
howpublished = {\url{http://www.devmedia.com.br/introducao-aos-bancos-de-dados-nosql/26044#ixzz3Kq0arjUf}},
year= {2013}
}

@MISC{AnaliseNosql,
title = {ANÁLISE DE BANCOS DE DADOS NOSQL E
DESENVOLVIMENTO DE UMA APLICAÇÃO},
author = {Ivan Isaías Friess},
howpublished = {\url{http://www-app.inf.ufsm.br/bdtg/arquivo.php?id=171}},
year= {2013}
}

@MISC{StackOCallbk,
title = {O que é callback?},
author = {Stackoverflow},
howpublished = {\url{http://pt.stackoverflow.com/questions/27177/o-que-é-callback}},
year= {2013}
}

@MISC{NosqlDatabase,
title = {List Of NoSQL Databases},
author = {NoSQL Archive},
howpublished = {\url{http://nosql-database.org/}},
year= {2014}
}

@MISC{NosqlCol,
title = {Banco de dados orientado a colunas},
author = {Isaias Barroso},
howpublished = {\url{http://isaiasbarroso.wordpress.com/2012/06/20/banco-de-dados-orientado-a-colunas/}},
year= {2012}
}

@MISC{NosqlWiki,
title = {NoSQL},
author = {Wikipedia},
howpublished = {\url{http://en.wikipedia.org/wiki/NoSQL}},
year= {2013}
}

@MISC{prdgProg,
title = {Paradigma de Programação},
author = {Gustavo Jungthon,Cristian Machado Goulart},
howpublished = {\url{http://petry.pro.br/sistemas/programacao1/materiais/artigo_paradigmas_de_programacao.pdf}},
year= {2010}
}

@MISC{ExpressGen,
title = {Express application generator},
author = {Express.js},
howpublished = {\url{http://expressjs.com/starter/generator.html}},
year= {2014}
}

@MISC{MongoDbSQL,
title = {SQL to Aggregation Mapping Chart},
author = {MongoDB},
howpublished = {\url{http://docs.mongodb.org/manual/reference/sql-aggregation-comparison/}},
year= {2014}
}

@MISC{MathRace,
title = {Math Race},
author = {Iván Loire},
howpublished = {\url{https://github.com/iloire/math-race/}},
year= {2012}
}

@MISC{RESTWiki,
title = {REST},
author = {Wikipedia},
howpublished = {\url{http://pt.wikipedia.org/wiki/REST}},
year= {2013}
}

@InCollection{AnalysisNoSQL,
title = {Analysis and Classification of NoSQL Databases and Evaluation of their Ability to Replace an Object-Relational Persistence Layer},
author = {Kai Orend},
year = {2010},
}

@InCollection{BdNoSQLxSGBDs,
title = {Bancos de Dados NoSQL x SGBDs Relacionais:Análise Comparativa},
author = {Ricardo W. Brito},
year = {2010},
}

@MISC{MongoPy,
title = {Mongo DB for Python Developers},
author = {Naren Arya},
howpublished = {\url{https://impythonist.wordpress.com/tag/nosql/}},
year= {2014}
}

@InCollection{BaseAcid,
title = {BASE: An ACID Alternative},
author = {Dan Pritchett},
publisher = {ACM Queue},
year = {2008},
}

@MISC{ThreadPool,
title = {Pools de threads},
author = {Dr. Jacques Philippe Sauvé},
howpublished = {\url{http://www.dsc.ufcg.edu.br/~jacques/cursos/map/html/threads/pool.html}},
year= {2014}
}

@InCollection{NodejsEMongodb,
title = {Arquitetura e testes de serviços web de alto desempenho com Node.js e Mongodb},
author = {icardo Schroeder, Fernando dos Santos},
year = {2014},
}

@MISC{TwoWayData,
title = {Porque utilizar AngularJS no seu próximo projeto},
author = {Kaio Valente},
howpublished = {\url{http://tasafo.wordpress.com/2014/11/26/porque-utilizar-angularjs-no-seu-proximo-projeto/}},
year= {2014}
}


@MISC{ScalabVH,
title = {What is Vertical scaling and Horizontal scaling – Vertical and Horizontal hardware / services scaling},
author = {Georgi Georgiev},
howpublished = {\url{http://www.pc-freak.net/}},
year= {2014}
}